@ONLINE{kypocz,
  publisher = {Masarykova univerzita},
  title     = {KYPO - Kybernetický polygon},
  date      = {2017},
  url       = {https://www.kypo.cz/},
  urldate   = {2018-04-28},
  location  = {Brno},
  langid    = {czech}
}


@inproceedings{lessons2015,
   author = {Čegan, Jakub and Vizváry, Martin},
   address = {Brno},
   booktitle = {Security and Protection of Information},
   editor = {Milan Jirsa and Josef Kaderka and Ladislav Hagara and Jaroslav Dočkal},
   keywords = {critical information infrastructure;cloud;penetration testing;learning;training;workshop},
   howpublished = {elektronická verze "online"},
   language = {eng},
   location = {Brno},
   pages = {15-26},
   publisher = {University of Defence},
   title = {Lessons Learned from KYPO – Cyber Exercise \& Research Platform Project},
   url = {http://spi.unob.cz/papers/2015/2015-03.pdf},
   year = {2015}
}